%# -*- coding: utf-8-unix -*-

@article{1,
  title = {{基于PTP的无线分布式测试系统时钟同步研究}},
  journal = {电子科技大学学报},
  year = {2010},
  author = {李本亮 and 王厚军 and 师奕兵},
  language = {chinese},
  volume={39},
  number = {4},
  pages={556-559},
}

@book{2,
  author = {{IEEE 1588}},
  title = {Precision Clock Synchronization Protocol for Networked Measurement and Control Systems},
  address = {New York},
  year = {2008},
  publisher = {Institute of Electrical and Electronics Engineers},
  TypeofLit = {S},
}

@INPROCEEDINGS{3,
  author={Benetazzol, L. and Narduzzi, C. and Stellini, M.},
  title={Analysis of Clock Tracking Performances for a Software-only IEEE 1588 Implementation},
  address={Warsaw, Poland},
  booktitle={Instrumentation and Measurement Technology Conference},
  year= 2007,
  month =  {May 1-3},
  TypeofLit = {C},
}

@thesis{4,
  title = {{IEEE1588高精度网络时钟同步研究与实现}},
  address = {上海},
  school = {华中科技大学},
  year = {2011},
  author = {何一航},
  language = {chinese},
  TypeofLit = {D},
}

@book{5,
  title = {{在KeyStone器件实现IEEE1588时钟方案}},
  publisher = {{Texas Instruments}},
  year = {2013},
  month = {Oct},
  author = {王金鑫},
  language = {chinese},
}

@article{6,
  title = {{基于IEEE1588协议的精确时钟同步算法改进}},
  journal = {计算机工程与科学},
  year = {2011},
  month = {Oct},
  author = {李学桥 and 陈园 and 梁爽},
  volume={33},
  number = {2},
  pages={42-45},
  language = {chinese},
  TypeofLit = {J},
}

@article{7,
  title = {{An Enhanced IEEE 1588 Time Synchronization for Asymmetric Communication Link in Packet Transport Network}},
  journal = {IEEE Communication letters},
  year = {2010},
  month = {Aug},
  author = {Shuai Lv and Yueming Lu and Yuefeng Ji},
  volume={14},
  number = {8},
  pages={764-766},
}

@INPROCEEDINGS{8,
  title = {{Mathematical analysis \& model of packet delay variation experienced by IEEE 1588 packets}},
  booktitle = {IEEE International Advance Computing Conference},
  year = 2013,
  month = Aug,
  author = {Jayesh, Chhapekar and Juniper, Networks and Bangalore and India},
  pages={347-350},
}

@article{9,
  title = {{基于IEEE1588的无线传感器网络时钟同步方法}},
  journal = {系统工程与电子技术},
  year = {2014},
  author = {陈旿 and 孙建华 and 于振兴},
  volume={36},
  number = {3},
  pages={564-574},
  TypeofLit = {J},
  language = {chinese},
}

@article{10,
  title = {{IEEE1588精确时钟同步协议从时钟设计}},
  journal = {电子技术与应用},
  year = {2010},
  author = {黄健 and 刘鹏 and 杨瑞民},
  number = {7},
  pages={94-97},
  TypeofLit = {J},
  language = {chinese},
}

@article{11,
  title = {{IEEE1588时钟同步系统中采用PID控制的可行性分析}},
  address = {北京},
  journal = {中国电机工程学会},
  year = {2013},
  author = {吴爽 and 张道农 and 胡啸},
  pages={1220-1224},
  TypeofLit = {C},
  language = {chinese},
}

@article{12,
  title = {{基于FPGA的时钟同步控制系统研究与实现}},
  address = {北京},
  school = {北京邮电大学},
  year = {2013},
  author = {邵恩},
  TypeofLit = {D},
  language = {chinese},
}

@article{13,
  title = {{Wide area traffic: The failure of possion modeling}},
  year = {1995},
  volume = {3},
  number = {3},
  pages={224-226},
  author = {Paxson, V and Floyd, S},
  journal = {IEEE/ACM Translations on Metworking},
}

@article{14,
  title = {{Self-similarity through high-variability: Statistical analysis of Ethernet LAN traffic at the source level}},
  year = {1997},
  volume={5},
  number = {1},
  pages={71-86},
  author = {Willinger and Taqqu, M S and Sherman, R},
  journal = {IEEE/ACM Translations on Metworking},
}

@article{15,
  title = {{On the Self-Similar Nature of Ethernet Traffic（Extended Version）}},
  year = {1994},
  volume={2},
  number = {1},
  pages={1-15},
  author = {Leland, Will E and Murad, S Taqqu and Walter Willinger},
  journal = {IEEE/ACM Translations on Metworking},
}

@book{16,
  title = {{Long-Range dependence in Variable-Bit-Rate Video traffic}},
  year = {1995},
  author = {Beran, J and Sherman, R and Taqqu M S},
  publisher = {IEEE/ACM Translations on Metworking},
}

@INPROCEEDINGS{17,
  title = {{On the Long-Range dependence of Packet Round Trip Delays in Internet}},
  year = {1998},
  author = {Li, Q and Mills, D L},
  booktitle = {IEEE ICC},
  volume={98},
  pages={1185-1191},
}

@article{18,
  title = {{One Estimating Long Range Dependence of Network Delay}},
  year = {2001},
  author = {Michael S. Borella},
  journal = {International Journal of Chaos Theory and Applications},
  volume = {6},
  number = {4},
}

@book{19,
  title = {{基于网络环境的智能控制}},
  year = {2004},
  address = {北京},
  author = {周祖德},
  publisher = {国防工业出版社},
  TypeofLit = {M},
  language = {chinese},
}

@article{20,
  title = {{Observer based learning control for a class of nonlinear systems with timevarying parametric uncertainties}},
  year = {2004},
  author = {Jian X X and Jing, X.},
  journal = {IEEE Transactions on Automatic Control},
  volume = {49},
  number = {2},
  pages = {275-282},
}

@article{21,
  title = {{基于网络控制系统平均时延的模糊控制器设计}},
  year = {2009},
  author = {王国敬 and 穆志纯},
  journal = {控制与决策},
  volume = {24},
  number = {8},
  pages = {1214-1217,1222},
  TypeofLit = {J},
  language = {chinese},
}

@article{22,
  title = {{基于TCP/IP网络的远程伺服控制系统中的动态模糊控制器}},
  year = {2002},
  author = {王晓峰 and 吴平东 and 任长清},
  journal = {计算机应用},
  volume = {22},
  number = {11},
  pages = {83-85},
  TypeofLit = {J},
  language = {chinese},
}

@article{23,
  title = {{基于改进的神经元PID的网络化控制系统}},
  year = {2008},
  author = {郑劭馨 and 薛薇 and 薛艳君},
  journal = {控制工程},
  volume = {15},
  number = {3},
  pages = {232-234,260},
  TypeofLit = {J},
  language = {chinese},
}

@INPROCEEDINGS{24,
  title = {{Prestandard prototype implemantation of and end-to-end transparent clock}},
  year = {2006},
  month = {Oct},
  author = {Mohl, D. and Weibel, H.},
  booktitle = {Proc. Conf. IEEE 1588},
}

@article{25,
  title = {{IEEE1588同步时钟网络时延误差的分析及修正}},
  year = {2012},
  author = {黎锐烽 and 曾祥君 and 李泽文},
  journal = {电力系统自动化},
  volume = {36},
  number = {12},
  pages = {82-87},
  TypeofLit = {J},
  language = {chinese},
}

@article{26,
  title = {{基于神经网络的时延预测算法研究}},
  year = {2004},
  author = {孙立宁 and 谢小辉 and 张峰峰},
  journal = {机器人},
  volume = {26},
  number = {3},
  pages = {237-240},
  TypeofLit = {J},
  language = {chinese},
}

@INPROCEEDINGS{27,
  title = {{Study on the time-delay of internet-based industry process control system}},
  year = {2004},
  address = {Hangzhou},
  author = {Liu, D and Du, J H and Zhao, Y},
  booktitle = {Proceedings of the 5th World Congress on Intelligent Control and Automation},
  pages = {1376-1380},
  TypeofLit = {C},
}

@article{28,
  title = {{Fuzzy PID control method for a class of networked cascade control systems}},
  year = {2010},
  address = {Singapore},
  author = {Huang, C Z and Bai, Y and Liu, X J},
  journal = {Computer and Automation Engineering},
  pages = {140-144},
  TypeofLit = {C},
}

@article{29,
  title = {{Design and implementation controller for networked control systems}},
  year = {2008},
  author = {Fadaei, A and Salahshoor, K},
  journal = {ISA of a new fuzzy PID Transactions},
  pages = {351-361},
  volume = {47},
  number = {4},
  TypeofLit = {J},
}

@article{30,
  title = {{自适应Simth补偿器在基于IP的网络控制系统中的应用}},
  year = {2006},
  author = {陈鹏 and 戴连奎},
  journal = {控制理论与应用},
  volume = {23},
  number = {1},
  pages = {115-118},
  TypeofLit = {J},
  language = {chinese},
}

@article{31,
  title = {{基于互联网的液压远程控制系统延时预测算法研究}},
  year = {2002},
  author = {任长清 and 吴平东 and 王晓峰},
  journal = {北京理工大学学报},
  volume = {22},
  number = {1},
  pages = {85-89},
  TypeofLit = {J},
  language = {chinese},
}

@article{32,
  title = {{Model predictive control: An algorithm for Timestamped control processes with random delays}},
  year = {2004},
  author = {Srinivasagupta, D and Schattler, H and Joseph, B},
  journal = {International Journal of Computers and Chemical Engineering},
  pages = {1337-1346},
  volume = {24},
  number = {8},
  TypeofLit = {J},
}

@INPROCEEDINGS{33,
  title = {{Synchronizing IEEE 1588 clocks under the presence of significant stochastic network delays}},
  year = {2005},
  month = {Oct},
  author = {Carmelo Iantosca and Christoph Heitz and Hans Weibel},
  address = {CH Winterhur},
  booktitle = {Conference on IEEE 1588},
}

@article{34,
  title = {{IEEE1588协议延时不对等问题的修正}},
  year = {2013},
  author = {李超 and 徐启峰},
  journal = {电子测量与仪器学报},
  volume = {27},
  number = {10},
  pages = {931-935},
  language = {chinese},
}

@INPROCEEDINGS{35,
  title = {{Measurement control and communication using IEEE 1588}},
  year = {2006},
  author = {Carmelo Iantosca and Christoph Heitz and Hans Weibel},
  address = {London},
  publisher = {Springer-Verlag},
  booktitle = {Conference on IEEE 1588},
}

@article{36,
  title = {{An accuracy enhanced IEEE 1588 synchronization protocol for dynamically changing and asymmetric wireless links}},
  year = {2012},
  author = {Sungwon, L and Seunggwan, L and Choongseon, H},
  journal = {IEEE Communication Letter},
  pages = {190-192},
  volume = {16},
  number = {2},
}

@article{37,
  title = {{基于BP神经网络的模型参考自适应控制}},
  year = {2001},
  author = {沈瑛 and 张翠芳},
  journal = {西南交通大学学报},
  volume = {36},
  number = {5},
  pages = {553-556},
  language = {chinese},
}

@inproceedings{38,
  title={Ieee 1588-standard for a precision clock synchronization protocol for networked measurement and control systems},
  author={Lee, K and Eidson, John C and Weibel, Hans and Mohl, Dirk},
  booktitle={Conference on IEEE},
  volume={1588},
  pages={2},
  year={2005}
}

@article{39,
  title={High precision clock synchronization according to IEEE 1588 implementation and performance issues},
  author={Weibel, Hans},
  journal={Proc. Embedded World 2005},
  year={2005}
}

@inproceedings{40,
  title={Precision time synchronization using IEEE 1588 for wireless sensor networks},
  author={Cho, Hyuntae and Jung, Jeonsu and Cho, Bongrae and Jin, Youngwoo and Lee, Seung-Woo and Baek, Yunju},
  booktitle={Computational Science and Engineering, 2009. CSE'09. International Conference on},
  volume={2},
  pages={579--586},
  year={2009},
  organization={IEEE}
}

@inproceedings{41,
  title={A practical implementation of an IEEE1588 supporting Ethernet switch},
  author={K{\"o}hler, Daniel},
  booktitle={Precision Clock Synchronization for Measurement, Control and Communication, 2007. ISPCS 2007. IEEE International Symposium on},
  pages={134--137},
  year={2007},
  organization={IEEE}
}

@article{42,
  title={Precise time stamping method for IEEE1588 clock synchronization message},
  author={Feng, Wei and Wenjie, Sun},
  journal={Chinese Journal of Scientific Instrument},
  volume={30},
  number={1},
  pages={162--169},
  year={2009}
}

@article{43,
  title={An enhanced IEEE 1588 time synchronization algorithm for asymmetric communication link using block burst transmission},
  author={Lee, Sungwon},
  journal={Communications Letters, IEEE},
  volume={12},
  number={9},
  pages={687--689},
  year={2008},
  publisher={IEEE}
}

@article{44,
  title={Using IEEE 1588 and boundary clocks for clock synchronization in telecom networks},
  author={Ouellette, Michel and Ji, Kuiwen and Liu, Song and Li, Han},
  journal={Communications Magazine, IEEE},
  volume={49},
  number={2},
  pages={164--171},
  year={2011},
  publisher={IEEE}
}

@article{45,
  title={IEEE 1588-based synchronization system for a displacement sensor network},
  author={Ferrari, Paolo and Flammini, Alessandra and Marioli, Daniele and Taroni, Andrea},
  journal={Instrumentation and Measurement, IEEE Transactions on},
  volume={57},
  number={2},
  pages={254--260},
  year={2008},
  publisher={IEEE}
}

@inproceedings{46,
  title={Improvement of synchronization accuracy in ieee 1588 using a queuing estimation method},
  author={Murakami, Takahide and Horiuchi, Yukio},
  booktitle={2009 International Symposium on Precision Clock Synchronization for Measurement, Control and Communication},
  year={2009}
}

@article{47,
  title={Implementation and analysis of IEEE1588 precision clock protocol [J]},
  author={Zhi, Yu Zhilan Li},
  journal={Electronic Measurement Technology},
  volume={4},
  pages={019},
  year={2009}
}

@article{48,
  title={基于 IEEE1588 的数字化变电站时钟同步技术研究 [J]},
  author={赵上林 and 胡敏强 and 窦晓波 and others},
  journal={电网技术},
  volume={32},
  number={21},
  pages={97--102},
  year={2008}
}

@article{49,
  title={IEEE 1588 精确时间同步协议的应用方案},
  author={于鹏飞 and 喻强 and 邓辉 and 鲍兴川 and 马媛媛 and 郭经红},
  journal={电力系统自动化},
  number={13},
  pages={99--103},
  year={2009}
}

@article{50,
  title={A study and analysis of high-accuracy network synchronization based on IEEE1588 [J]},
  author={Ben-xuan, GUI and Dong-qin, FENG and Jian, CHU and Jian-xiang, JIN},
  journal={Industrial Instrumentation \& Automation},
  volume={4},
  pages={20--23},
  year={2006}
}

@inproceedings{51,
  title={Evaluation of timing characteristics of industrial ethernet networks synchronized by means of IEEE 1588},
  author={Depari, A and Ferrari, P and Flammini, A and Marioli, D and Taroni, A},
  booktitle={Instrumentation and Measurement Technology Conference Proceedings, 2007. IMTC 2007. IEEE},
  pages={1--5},
  year={2007},
  organization={IEEE}
}

@article{52,
  title={IEEE1588 精密时钟同步分析},
  author={黄云水 and 冯玉光},
  journal={国外电子测量技术},
  volume={24},
  number={9},
  pages={9--12},
  year={2005}
}

@inproceedings{53,
  title={Improvement of Precise Time Synchronization Algorithm based on IEEE 1588},
  author={Li, Xue-qiao and Chen, Yuan and Liang, Shuang},
  booktitle={Proceeding of International Conference on Computer, Mechatronics, Control and Electronic Engineering},
  pages={70--73},
  year={2010}
}

@inproceedings{54,
  title={Evaluation of timestamping uncertainty in a software-based IEEE1588 implementation},
  author={Ferrari, P and Flammini, A and Rinaldi, S and Bondavalli, A and Brancati, F},
  booktitle={Instrumentation and Measurement Technology Conference (I2MTC), 2011 IEEE},
  pages={1--6},
  year={2011},
  organization={IEEE}
}

@inproceedings{55,
  title={The impact of network latency on the synchronization of real-world ieee 1588-2008 devices},
  author={Zarick, R and Hagen, Mikkel and Bartos, Radim},
  booktitle={Precision Clock Synchronization for Measurement Control and Communication (ISPCS), 2010 International IEEE Symposium on},
  pages={135--140},
  year={2010},
  organization={IEEE}
}

@book{56,
  title={Measurement, control, and communication using IEEE 1588},
  author={Eidson, John C},
  year={2006},
  publisher={Springer Science \& Business Media}
}

@inproceedings{57,
  title={An adaptive filtering algorithm with packet delay variation for IEEE1588 servo system},
  author={Lei, Chen and Tianlin, Zhu},
  booktitle={Electronic Measurement \& Instruments (ICEMI), 2013 IEEE 11th International Conference on},
  volume={2},
  pages={745--748},
  year={2013},
  organization={IEEE}
}

@inproceedings{58,
  title={Modeling and simulation analysis of PTP clock servo},
  author={Giorgi, G and Narduzzi, C},
  booktitle={Precision Clock Synchronization for Measurement, Control and Communication, 2007. ISPCS 2007. IEEE International Symposium on},
  pages={155--161},
  year={2007},
  organization={IEEE}
}

@inproceedings{59,
  title={Servo design for improved performance in software timestamping-assisted WLAN synchronization using IEEE 1588},
  author={Mahmood, Arif and Exel, Reinhard},
  booktitle={Emerging Technologies \& Factory Automation (ETFA), 2013 IEEE 18th Conference on},
  pages={1--8},
  year={2013},
  organization={IEEE}
}

@inproceedings{60,
  title={Packet network timing measurement and analysis using an IEEE 1588 probe and new metrics},
  author={Cosart, Lee},
  booktitle={Precision Clock Synchronization for Measurement, Control and Communication, 2009. ISPCS 2009. International Symposium on},
  pages={1--6},
  year={2009},
  organization={IEEE}
}

@article{61,
  title={Study on single neuron compensation method in network synchronization [J]},
  author={Jian, Gui Benxuan Feng Dongqin Chu and Jianxiang, Jin},
  journal={Chinese Journal of Scientific Instrument},
  volume={12},
  pages={003},
  year={2006}
}

@incollection{62,
  title={Timestamp based predictive robot control system over real-time industrial ethernet},
  author={Min, Huasong and Wang, Tianmiao and Wei, Hongxing and Liu, Zhenglin},
  booktitle={Intelligent Robotics and Applications},
  pages={183--194},
  year={2010},
  publisher={Springer}
}

@article{63,
  title={基于神经网络的 PID 控制器},
  author={郁振安},
  journal={电气自动化},
  volume={17},
  number={2},
  pages={8--9},
  year={1995}
}

@article{64,
  title={基于单神经元的网络同步补偿算法研究},
  author={桂本烜 and 冯冬芹 and 褚健 and 金建祥},
  journal={仪器仪表学报},
  volume={27},
  number={12},
  pages={1573--1577},
  year={2007}
}

@article{65,
  title={基于 MATLAB 神经网络工具箱的 BP 网络实现},
  author={罗成汉},
  journal={计算机仿真},
  volume={21},
  number={5},
  pages={109--111},
  year={2004}
}

@article{66,
  title={基于粒子群优化的神经网络训练算法研究},
  author={高海兵 and 高亮 and 周驰 and 喻道远},
  journal={电子学报},
  volume={32},
  number={9},
  pages={1572--1574},
  year={2004}
}

@book{67,
  title={人工神经网络原理及应用},
  author={朱大奇 and 史慧 and others},
  volume={3},
  year={2006},
  publisher={科学出版社}
}

@article{68,
  title={BP 神经网络和模糊时间序列组合预测模型及其应用},
  author={石慧 and 王玉兰 and 翁福利},
  journal={计算机应用},
  volume={31},
  number={A02},
  pages={90--91},
  year={2011}
}

@article{69,
  title={Research on self-tuning of PID parameters based on BP Neural Networks [J]},
  author={LIAO, Fang-fang and XIAO, Jian},
  journal={Acta Simulata Systematica Sinica},
  volume={7},
  pages={047},
  year={2005}
}
